<?xml version="1.0" encoding="UTF-8"?><collection xmlns="http://www.loc.gov/MARC21/slim"><record><leader>00620nam--2200205-i-4500</leader><controlfield tag="001">000014219</controlfield><controlfield tag="002">20161230</controlfield><controlfield tag="005">20161230201030</controlfield><controlfield tag="008">060222s1000------------r-----000-0-eng-d</controlfield><datafield ind1=" " ind2=" " tag="020"><subfield code="a">3540105182</subfield></datafield><datafield ind1=" " ind2=" " tag="040"><subfield code="a">IFIN-HH</subfield></datafield><datafield ind1=" " ind2=" " tag="080"><subfield code="a">548.4:537.222.22</subfield></datafield><datafield ind1="1" ind2=" " tag="100"><subfield code="a">Lannoo, M</subfield></datafield><datafield ind1="1" ind2="0" tag="245"><subfield code="a">Point defects in semiconductors i</subfield><subfield code="b">Theoretical aspects. with a foreword by j. friedel</subfield><subfield code="c">M. lannoo, j. bourgoin</subfield></datafield><datafield ind1=" " ind2=" " tag="260"><subfield code="a">Berlin</subfield><subfield code="b">Springer-verlag</subfield><subfield code="c">1981</subfield></datafield><datafield ind1=" " ind2=" " tag="300"><subfield code="a">XVII + 265 P</subfield></datafield><datafield ind1=" " ind2=" " tag="490"><subfield code="a">Springer Series In Solid-state Sciences</subfield><subfield code="v">Vol. 22</subfield></datafield><datafield ind1="1" ind2=" " tag="700"><subfield code="a">Bourgoin, J</subfield></datafield><datafield ind1=" " ind2=" " tag="852"><subfield code="a">46526</subfield><subfield code="c">539.2</subfield></datafield><datafield ind1=" " ind2=" " tag="CAT"><subfield code="a">Sys</subfield><subfield code="c">20121029</subfield><subfield code="h">151726</subfield></datafield></record></collection>